
      <record>
         <leader>00000nz  a2200169   4500</leader>
         <controlfield tag="001">30080491</controlfield>
         <controlfield tag="003">RISM</controlfield>
         <controlfield tag="005">20160216</controlfield>
         <controlfield tag="008">160216n||az|||||||##########||||||||||||</controlfield>
         <datafield tag="040" ind1=" " ind2=" ">
            <subfield code="a">RUS-K</subfield>
         </datafield>
         <datafield tag="043" ind1=" " ind2=" ">
            <subfield code="c">XA-RU</subfield>
         </datafield>
         <datafield tag="110" ind1="2" ind2=" ">
            <subfield code="a">Muzej-kvartira kompozitora N. G. Žiganova</subfield>
            <subfield code="c">Kazan'</subfield>
            <subfield code="g">RUS-K</subfield>
         </datafield>
         <datafield tag="410" ind1="2" ind2=" ">
            <subfield code="a">Museum of composer Nazib Zhiganov</subfield>
         </datafield>
         <datafield tag="410" ind1="2" ind2=" ">
            <subfield code="a">Branch of the National Museum of the Republic of Tatarstan</subfield>
         </datafield>
         <datafield tag="622" ind1=" " ind2=" ">
            <subfield code="e">Muzej-kvartira kompozitora N. G.,  Žiganova, ul. Malaja Krasnaja, d.14, kv. 11, 5,  Ètaž, 420015 Kazan', Russia</subfield>
            <subfield code="u">http://jiganov.tatmuseum.ru/</subfield>
         </datafield>
      </record>