
      <record>
         <leader>00000nz  a2200169   4500</leader>
         <controlfield tag="001">30006182</controlfield>
         <controlfield tag="003">RISM</controlfield>
         <controlfield tag="005">20160216</controlfield>
         <controlfield tag="008">160216n||az|||||||##########||||||||||||</controlfield>
         <datafield tag="040" ind1=" " ind2=" ">
            <subfield code="a">RUS-KLč</subfield>
         </datafield>
         <datafield tag="043" ind1=" " ind2=" ">
            <subfield code="c">XA-RU</subfield>
         </datafield>
         <datafield tag="110" ind1="2" ind2=" ">
            <subfield code="a">Naučnaja biblioteka gosudarstvennogo doma-muzeja P. I. Čajkovskogo</subfield>
            <subfield code="c">Klin</subfield>
            <subfield code="g">RUS-KLč</subfield>
         </datafield>
      </record>