
      <record>
         <leader>00000nz  a2200169   4500</leader>
         <controlfield tag="001">30006183</controlfield>
         <controlfield tag="003">RISM</controlfield>
         <controlfield tag="005">20160216</controlfield>
         <controlfield tag="008">160216n||az|||||||##########||||||||||||</controlfield>
         <datafield tag="040" ind1=" " ind2=" ">
            <subfield code="a">RUS-KRp</subfield>
         </datafield>
         <datafield tag="043" ind1=" " ind2=" ">
            <subfield code="c">XA-RU</subfield>
         </datafield>
         <datafield tag="110" ind1="2" ind2=" ">
            <subfield code="a">Krasnojarskaja kraevaja universal'naja naučnaja biblioteka im. A. S. Puškina</subfield>
            <subfield code="c">Krasnojarsk</subfield>
            <subfield code="g">RUS-KRp</subfield>
         </datafield>
      </record>