
      <record>
         <leader>00000nz  a2200169   4500</leader>
         <controlfield tag="001">30002526</controlfield>
         <controlfield tag="003">RISM</controlfield>
         <controlfield tag="005">20160216</controlfield>
         <controlfield tag="008">160216n||az|||||||##########||||||||||||</controlfield>
         <datafield tag="040" ind1=" " ind2=" ">
            <subfield code="a">RUS-Mcm</subfield>
         </datafield>
         <datafield tag="043" ind1=" " ind2=" ">
            <subfield code="c">XA-RU</subfield>
         </datafield>
         <datafield tag="110" ind1="2" ind2=" ">
            <subfield code="a">Gosudarstvennyj central'nyj muzej muzykal'noj kul'tury im. M. I. Glinki</subfield>
            <subfield code="c">Moskva</subfield>
            <subfield code="g">RUS-Mcm</subfield>
         </datafield>
         <datafield tag="410" ind1="2" ind2=" ">
            <subfield code="a">Государственный центральный музей музыкальной культуры им. М. И. Глинки</subfield>
         </datafield>
         <datafield tag="410" ind1="2" ind2=" ">
            <subfield code="a">The Glinka museum of musical culture</subfield>
         </datafield>
         <datafield tag="622" ind1=" " ind2=" ">
            <subfield code="e">Gosudarstvennyj central'nyj muzej, muzykal'noj kul'tury im. M. I. Glinki, ul. Fadeeva d. 4, 125047 Moskva, Russia</subfield>
            <subfield code="u">http://www.glinka.museum/</subfield>
         </datafield>
      </record>