
      <record>
         <leader>00000nz  a2200169   4500</leader>
         <controlfield tag="001">30080128</controlfield>
         <controlfield tag="003">RISM</controlfield>
         <controlfield tag="005">20160216</controlfield>
         <controlfield tag="008">160216n||az|||||||##########||||||||||||</controlfield>
         <datafield tag="040" ind1=" " ind2=" ">
            <subfield code="a">RUS-Mgarf</subfield>
         </datafield>
         <datafield tag="043" ind1=" " ind2=" ">
            <subfield code="c">RU</subfield>
         </datafield>
         <datafield tag="110" ind1="2" ind2=" ">
            <subfield code="a">Gosudarstvennyj Archiv Rossijskoj Federacii</subfield>
            <subfield code="c">Moskva</subfield>
            <subfield code="g">RUS-Mgarf</subfield>
         </datafield>
         <datafield tag="410" ind1="2" ind2=" ">
            <subfield code="a">Госуда́рственный Архи́в Росси́йской Федера́ции</subfield>
         </datafield>
         <datafield tag="410" ind1="2" ind2=" ">
            <subfield code="a">State Archive of the Russian Federation</subfield>
         </datafield>
         <datafield tag="622" ind1=" " ind2=" ">
            <subfield code="e">Gosudarstvennyj Archiv Rossijskoj,  Federacii, ul. Bol'šaja Pirogovskaja,17, 119435 Moskva, Russia</subfield>
            <subfield code="u">http://statearchive.ru/</subfield>
         </datafield>
      </record>