
      <record>
         <leader>00000nz  a2200169   4500</leader>
         <controlfield tag="001">30002527</controlfield>
         <controlfield tag="003">RISM</controlfield>
         <controlfield tag="005">20160216</controlfield>
         <controlfield tag="008">160216n||az|||||||##########||||||||||||</controlfield>
         <datafield tag="040" ind1=" " ind2=" ">
            <subfield code="a">RUS-Mk</subfield>
         </datafield>
         <datafield tag="043" ind1=" " ind2=" ">
            <subfield code="c">XA-RU</subfield>
         </datafield>
         <datafield tag="110" ind1="2" ind2=" ">
            <subfield code="a">Naučnaja muzykal'naja biblioteka im. S. I. Taneeva Moskovskoj gosudarstvennoj konservatorii im. P. I. Čajkovskogo</subfield>
            <subfield code="c">Moskva</subfield>
            <subfield code="g">RUS-Mk</subfield>
         </datafield>
         <datafield tag="410" ind1="2" ind2=" ">
            <subfield code="a">Gosudarstvennaya Konservatoriya im.P.I.Chaykovskovo, Nauchnaya Muzïkal'naya Bibl. im.S.I.Taneyeva</subfield>
         </datafield>
         <datafield tag="410" ind1="2" ind2=" ">
            <subfield code="a">Moskovskaja gosudarstvennaja konservatorija im. P. I. Čajkovskogo</subfield>
         </datafield>
         <datafield tag="410" ind1="2" ind2=" ">
            <subfield code="a">Naučna a muzykal'naja biblioteka im. S. I. Taneeva, Gosudarstvennaja konservatorija im. P</subfield>
         </datafield>
      </record>