
      <record>
         <leader>00000nz  a2200169   4500</leader>
         <controlfield tag="001">30003594</controlfield>
         <controlfield tag="003">RISM</controlfield>
         <controlfield tag="005">20160216</controlfield>
         <controlfield tag="008">160216n||az|||||||##########||||||||||||</controlfield>
         <datafield tag="040" ind1=" " ind2=" ">
            <subfield code="a">RUS-Mm</subfield>
         </datafield>
         <datafield tag="043" ind1=" " ind2=" ">
            <subfield code="c">XA-RU</subfield>
         </datafield>
         <datafield tag="110" ind1="2" ind2=" ">
            <subfield code="a">Gosudarstvennaja publičnaja istoričeskaja biblioteka Rossii</subfield>
            <subfield code="c">Moskva</subfield>
            <subfield code="g">RUS-Mm</subfield>
         </datafield>
         <datafield tag="410" ind1="2" ind2=" ">
            <subfield code="a">Gosudarstvennïy Istoricheskïyi Muzei</subfield>
         </datafield>
         <datafield tag="622" ind1=" " ind2=" ">
            <subfield code="e">Gosudarstvennaja publičnaja,  istoričeskaja biblioteka Rossii, Starosadskij pereulok, dom 9, str. 1, 101990 Moskva, Russia</subfield>
            <subfield code="u">http://www.shpl.ru/</subfield>
         </datafield>
      </record>