
      <record>
         <leader>00000nz  a2200169   4500</leader>
         <controlfield tag="001">30002528</controlfield>
         <controlfield tag="003">RISM</controlfield>
         <controlfield tag="005">20160216</controlfield>
         <controlfield tag="008">160216n||az|||||||##########||||||||||||</controlfield>
         <datafield tag="040" ind1=" " ind2=" ">
            <subfield code="a">RUS-Mrg</subfield>
         </datafield>
         <datafield tag="043" ind1=" " ind2=" ">
            <subfield code="c">XA-RU</subfield>
         </datafield>
         <datafield tag="110" ind1="2" ind2=" ">
            <subfield code="a">Rossijskaja Gosudarstvennaja biblioteka</subfield>
            <subfield code="c">Moskva</subfield>
            <subfield code="g">RUS-Mrg</subfield>
         </datafield>
         <datafield tag="410" ind1="2" ind2=" ">
            <subfield code="a">Russian State Library</subfield>
         </datafield>
         <datafield tag="410" ind1="2" ind2=" ">
            <subfield code="a">Gosudarstvennaja biblioteka SSSR im. V. I. Lenina</subfield>
         </datafield>
         <datafield tag="410" ind1="2" ind2=" ">
            <subfield code="a">Gosudarstvennaya Ordena Lenina Biblioteka SSSR imeni V. I. Lenina</subfield>
         </datafield>
         <datafield tag="622" ind1=" " ind2=" ">
            <subfield code="e">Rossijskaja Gosudarstvennaja biblioteka, ul. Vozdviženka, d. 3/5, 119019 Moskva, Russia</subfield>
            <subfield code="u">http://www.rsl.ru/</subfield>
         </datafield>
      </record>