
      <record>
         <leader>00000nz  a2200169   4500</leader>
         <controlfield tag="001">30002529</controlfield>
         <controlfield tag="003">RISM</controlfield>
         <controlfield tag="005">20160216</controlfield>
         <controlfield tag="008">160216n||az|||||||##########||||||||||||</controlfield>
         <datafield tag="040" ind1=" " ind2=" ">
            <subfield code="a">RUS-Mt</subfield>
         </datafield>
         <datafield tag="043" ind1=" " ind2=" ">
            <subfield code="c">XA-RU</subfield>
         </datafield>
         <datafield tag="110" ind1="2" ind2=" ">
            <subfield code="a">Gosudarstvennyj centralnyj teatral'nyj muzej im. A. Bahrušina</subfield>
            <subfield code="c">Moskva</subfield>
            <subfield code="g">RUS-Mt</subfield>
         </datafield>
         <datafield tag="410" ind1="2" ind2=" ">
            <subfield code="a">Gosudarstvennïyi Teatral'nïyi Muzei imeni A. Bakhrushina</subfield>
         </datafield>
      </record>