
      <record>
         <leader>00000nz  a2200169   4500</leader>
         <controlfield tag="001">30002519</controlfield>
         <controlfield tag="003">RISM</controlfield>
         <controlfield tag="005">20160216</controlfield>
         <controlfield tag="008">160216n||az|||||||##########||||||||||||</controlfield>
         <datafield tag="040" ind1=" " ind2=" ">
            <subfield code="a">RUS-SPit</subfield>
         </datafield>
         <datafield tag="043" ind1=" " ind2=" ">
            <subfield code="c">XA-RU</subfield>
         </datafield>
         <datafield tag="110" ind1="2" ind2=" ">
            <subfield code="a">Rossijskij institut istorii iskusstv</subfield>
            <subfield code="c">Sankt Peterburg</subfield>
            <subfield code="g">RUS-SPit</subfield>
         </datafield>
         <datafield tag="410" ind1="2" ind2=" ">
            <subfield code="a">Leningradsky Gosudarstvennïy Institut Teatra, Muzïki i Kinematografii</subfield>
         </datafield>
         <datafield tag="410" ind1="2" ind2=" ">
            <subfield code="a">Naučno-issledovatel'skij institut teatra i muzyki</subfield>
         </datafield>
         <datafield tag="410" ind1="2" ind2=" ">
            <subfield code="a">Naučnaja biblioteka Gosudarstvennogo instituta teatra, muzyki i kinematografii</subfield>
         </datafield>
         <datafield tag="622" ind1=" " ind2=" ">
            <subfield code="e">Rossijskij institut istorii iskusstv, Isaakievskaja pl., 5, 190000 Sankt Peterburg, Russia</subfield>
         </datafield>
      </record>