
      <record>
         <leader>00000nz  a2200169   4500</leader>
         <controlfield tag="001">30002520</controlfield>
         <controlfield tag="003">RISM</controlfield>
         <controlfield tag="005">20160216</controlfield>
         <controlfield tag="008">160216n||az|||||||##########||||||||||||</controlfield>
         <datafield tag="040" ind1=" " ind2=" ">
            <subfield code="a">RUS-SPk</subfield>
         </datafield>
         <datafield tag="043" ind1=" " ind2=" ">
            <subfield code="c">XA-RU</subfield>
         </datafield>
         <datafield tag="110" ind1="2" ind2=" ">
            <subfield code="a">Biblioteka gosudarstvennoj konservatorii im. N. A. Rimskogo-Korsakova</subfield>
            <subfield code="c">Sankt Peterburg</subfield>
            <subfield code="g">RUS-SPk</subfield>
         </datafield>
         <datafield tag="410" ind1="2" ind2=" ">
            <subfield code="a">Biblioteka Leningradskoy Gosudarstvennoy Konservatoriy imeni N. A. Rimskovo-Korsakova</subfield>
         </datafield>
         <datafield tag="410" ind1="2" ind2=" ">
            <subfield code="a">Leningradskaja gosudarstvennaja [...] konservatorija im. N. A. Rimskogo-Korsakova</subfield>
         </datafield>
      </record>