
      <record>
         <leader>00000nz  a2200169   4500</leader>
         <controlfield tag="001">30000181</controlfield>
         <controlfield tag="003">RISM</controlfield>
         <controlfield tag="005">20160216</controlfield>
         <controlfield tag="008">160216n||az|||||||##########||||||||||||</controlfield>
         <datafield tag="040" ind1=" " ind2=" ">
            <subfield code="a">RUS-SPsc</subfield>
         </datafield>
         <datafield tag="043" ind1=" " ind2=" ">
            <subfield code="c">XA-RU</subfield>
         </datafield>
         <datafield tag="110" ind1="2" ind2=" ">
            <subfield code="a">Rossijskaja nacional'naja biblioteka</subfield>
            <subfield code="c">Sankt Peterburg</subfield>
            <subfield code="g">RUS-SPsc</subfield>
         </datafield>
         <datafield tag="410" ind1="2" ind2=" ">
            <subfield code="a">The national Library of Russia</subfield>
         </datafield>
         <datafield tag="410" ind1="2" ind2=" ">
            <subfield code="a">Gosudarstvennaya Ordena Trudovovo Krasnovo Znameni Publichnaya Biblioteka imeni M. E. Saltïkova-S</subfield>
         </datafield>
         <datafield tag="410" ind1="2" ind2=" ">
            <subfield code="a">Bibliothèque publique Saltykov-Chtchédrine</subfield>
         </datafield>
         <datafield tag="410" ind1="2" ind2=" ">
            <subfield code="a">Gosudarstvennaja publičnaja biblioteka im. M. E. Saltykova-Ščedrina</subfield>
         </datafield>
         <datafield tag="410" ind1="2" ind2=" ">
            <subfield code="a">Rossijskaja nacional'naja biblioteka im. M. E. Saltykova-Ščedrina</subfield>
         </datafield>
         <datafield tag="622" ind1=" " ind2=" ">
            <subfield code="e">Rossijskaja nacional'naja biblioteka, ul. Sadovaja, d. 18, 191069 Sankt Peterburg, Russia</subfield>
            <subfield code="u">http://www.nlr.ru</subfield>
         </datafield>
      </record>