
      <record>
         <leader>00000nz  a2200169   4500</leader>
         <controlfield tag="001">30002523</controlfield>
         <controlfield tag="003">RISM</controlfield>
         <controlfield tag="005">20160216</controlfield>
         <controlfield tag="008">160216n||az|||||||##########||||||||||||</controlfield>
         <datafield tag="040" ind1=" " ind2=" ">
            <subfield code="a">RUS-SPtob</subfield>
         </datafield>
         <datafield tag="043" ind1=" " ind2=" ">
            <subfield code="c">XA-RU</subfield>
         </datafield>
         <datafield tag="110" ind1="2" ind2=" ">
            <subfield code="a">Central'naja muzykal'naja biblioteka Mariinskogo teatra</subfield>
            <subfield code="c">Sankt Peterburg</subfield>
            <subfield code="g">RUS-SPtob</subfield>
         </datafield>
         <datafield tag="410" ind1="2" ind2=" ">
            <subfield code="a">Tsentral'naya Muzïkal'naya Bibl. Gosudarstvennovo Akad. Teatra Operï i Baleta im. S. M. Kirova</subfield>
         </datafield>
         <datafield tag="410" ind1="2" ind2=" ">
            <subfield code="a">Tsentral'naya Muzïkal'naya Bibl. Gosudarstvennogo Akademicheskogo Mariinskogo Teatra Operï</subfield>
         </datafield>
         <datafield tag="410" ind1="2" ind2=" ">
            <subfield code="a">Central'naja muzykal'naja biblioteka teatra opery i baleta im. S. M. Kirova</subfield>
         </datafield>
      </record>