
      <record>
         <leader>00000nz  a2200169   4500</leader>
         <controlfield tag="001">30003859</controlfield>
         <controlfield tag="003">RISM</controlfield>
         <controlfield tag="005">20160216</controlfield>
         <controlfield tag="008">160216n||az|||||||##########||||||||||||</controlfield>
         <datafield tag="040" ind1=" " ind2=" ">
            <subfield code="a">RUS-SPu</subfield>
         </datafield>
         <datafield tag="043" ind1=" " ind2=" ">
            <subfield code="c">XA-RU</subfield>
         </datafield>
         <datafield tag="110" ind1="2" ind2=" ">
            <subfield code="a">Naučnaja biblioteka im. M. Gor'kogo Sankt-Peterburgskogo gosudarstvennogo universiteta</subfield>
            <subfield code="c">Sankt Peterburg</subfield>
            <subfield code="g">RUS-SPu</subfield>
         </datafield>
         <datafield tag="622" ind1=" " ind2=" ">
            <subfield code="u">http://www.unilib.neva.ru/</subfield>
         </datafield>
      </record>