
      <record>
         <leader>00000nz  a2200169   4500</leader>
         <controlfield tag="001">30006187</controlfield>
         <controlfield tag="003">RISM</controlfield>
         <controlfield tag="005">20160216</controlfield>
         <controlfield tag="008">160216n||az|||||||##########||||||||||||</controlfield>
         <datafield tag="040" ind1=" " ind2=" ">
            <subfield code="a">RUS-ČE</subfield>
         </datafield>
         <datafield tag="043" ind1=" " ind2=" ">
            <subfield code="c">XA-RU</subfield>
         </datafield>
         <datafield tag="110" ind1="2" ind2=" ">
            <subfield code="a">Čerdynskij kraevedčeskij muzej im. A. S. Puškina</subfield>
            <subfield code="c">Čerdyn'</subfield>
            <subfield code="g">RUS-ČE</subfield>
         </datafield>
      </record>
   </collection>
          
 
